@article{sebmod2018,
author = {M{\"{o}}dersheim, Sebastian},
journal = {Campus Net},
title = {{Introduction to Protocol Security}},
year = {2018}
}
@article{sebmod2005,
author = {Basin, David and M{\"{o}}dersheim, Sebastian and Vigan{\`{o}}, Luca},
journal = {International Journal of Information Security},
title = {{OFMC: A symbolic model checker for security protocols}},
year = {2005}
}
@misc{soeborg2018,
author = {S{\o}borg, Nicolai},
title = {{LaTeX AnB Listings Syntax}},
howpublished={\url{https://github.com/NicolaiSoeborg/LaTeX-AnB-Listings-Syntax}},
year = {2018}
}